<?xml version="1.0" encoding="UTF-8"?><collection xmlns="http://www.loc.gov/MARC21/slim"><record><leader>00621nam--2200193-i-4500</leader><controlfield tag="001">000015569</controlfield><controlfield tag="002">20161230</controlfield><controlfield tag="005">20161230201031</controlfield><controlfield tag="008">060222s1000------------r-----000-0-eng-d</controlfield><datafield ind1=" " ind2=" " tag="040"><subfield code="a">IFIN-HH</subfield></datafield><datafield ind1=" " ind2=" " tag="080"><subfield code="a">53:623.454.8(091)</subfield></datafield><datafield ind1="1" ind2=" " tag="100"><subfield code="a">Badash, Lawrence /S.A.</subfield></datafield><datafield ind1="1" ind2="0" tag="245"><subfield code="a">Reminiscences of los alamos 1943-1945</subfield><subfield code="c">Lawrwnce badash, joseph o. hirschefelder, herbert p. broida (eds.)</subfield></datafield><datafield ind1=" " ind2=" " tag="260"><subfield code="a">Dordrecht</subfield><subfield code="b">D. Reidel Publishing Company</subfield><subfield code="c">1980</subfield></datafield><datafield ind1=" " ind2=" " tag="300"><subfield code="a">XXI + 188 P</subfield></datafield><datafield ind1=" " ind2=" " tag="490"><subfield code="a">Studies In History Of Modern Science. Vol. 5</subfield></datafield><datafield ind1="1" ind2=" " tag="700"><subfield code="a">Broida, Herbert P</subfield><subfield code="e">Ed</subfield></datafield><datafield ind1=" " ind2=" " tag="852"><subfield code="a">73173</subfield><subfield code="c">53</subfield></datafield><datafield ind1=" " ind2=" " tag="CAT"><subfield code="a">Sys</subfield><subfield code="c">20150807</subfield><subfield code="h">115957</subfield></datafield></record></collection>